@manual{zervaas,
	author = {Quentin Zervaas},
  title = {The Definitive Guide to GTFS},
  year = {2014}
}

@online{google_gtfs_reference,
	author = {Google},
	title = {GTFS Reference},
	year = {2016},
	note = {\url{https://developers.google.com/transit/gtfs/reference/}},
	urldate = {2017-08-10}
}

@online{wikipedia_gtfs,
	author = {Wikipedia},
  title = {General Transit Feed Specification},
  year = {2017},
  note = {\url{https://en.wikipedia.org/wiki/General_Transit_Feed_Specification}},
  urldate = {2017-08-10}
}

@online{roush,
	author = {Wade Roush},
  title = {Welcome to Google Transit: How (and Why) the Search Giant is Remapping Public Transportation},
  year = {2012},
  note = {\url{http://web1.ctaa.org/webmodules/webarticles/articlefiles/Spring_12_DigitalCT_Google_Transit.pdf}},
  urldate = {2017-08-10}
}

@online{victor,
	author = {Bret Victor},
  title = {Up and Down the Ladder of Abstraction},
  year = {2011},
  note = {\url{http://worrydream.com/LadderOfAbstraction/}},
  urldate = {2017-08-18}
}

@online{wiki_blue_line,
	author = {Wikipedia},
  title = {Blue Line (MBTA)},
  note = {\url{https://de.wikipedia.org/wiki/Blue_Line_(MBTA)}},
  year = {2017}
}

% Optional fields: subtitle, titleaddon, language, note, location, month, isbn, chapter, pages, pagetotal, addendum, pubstate, doi, eprint, eprintclass, eprinttype, url, urldate
@thesis{kaufmann,
	author = {Stefan Kaufmann},
	title = {Opening Public Transit Data in Germany},
  type = {Master-Thesis},
	institution = {Universit√§t Ulm},
	year = {2014}
}